<?xml version="1.0" encoding="UTF-8"?><record xmlns="http://www.loc.gov/MARC21/slim" xmlns:cinclude="http://apache.org/cocoon/include/1.0" xmlns:zs="http://www.loc.gov/zing/srw/">
  <leader>00348cz  a2200121n  4500</leader>
  <controlfield tag="001">n  98014409 </controlfield>
  <controlfield tag="003">DLC</controlfield>
  <controlfield tag="005">20060712150438.0</controlfield>
  <controlfield tag="008">980212n| acannaab           |n aaa      </controlfield>
  <datafield tag="010" ind1=" " ind2=" ">
    <subfield code="a">n  98014409 </subfield>
    <subfield code="z">nr 98004860 </subfield>
  </datafield>
  <datafield tag="040" ind1=" " ind2=" ">
    <subfield code="a">DLC</subfield>
    <subfield code="c">DLC</subfield>
    <subfield code="d">NjP</subfield>
    <subfield code="d">DLC</subfield>
  </datafield>
  <datafield tag="100" ind1="1" ind2=" ">
    <subfield code="a">Ramires, Giuseppe</subfield>
  </datafield>
  <datafield tag="670" ind1=" " ind2=" ">
    <subfield code="a">Commento al Libro XI dell'Eneide di ... 1996:</subfield>
    <subfield code="b">t.p. (Giuseppe Ramires)</subfield>
  </datafield>
</record>